<record><leader>00000cas a22000007a 4500</leader><controlfield tag="001">7711900</controlfield><controlfield tag="008">810828d18281842mauwr ne      0   a0eng d</controlfield><datafield ind1=" " ind2=" " tag="010"><subfield code="a">sn 91063179 </subfield></datafield><datafield ind1=" " ind2=" " tag="040"><subfield code="a">BTI</subfield><subfield code="b">eng</subfield><subfield code="c">BTI</subfield><subfield code="d">DLC</subfield><subfield code="d">NVH</subfield><subfield code="d">CNW</subfield><subfield code="d">CNK</subfield><subfield code="d">NVK</subfield><subfield code="d">NVJ</subfield><subfield code="d">OCL</subfield><subfield code="d">GUA</subfield><subfield code="d">HUL</subfield><subfield code="d">OCLCF</subfield><subfield code="d">OCLCO</subfield><subfield code="d">OCL</subfield><subfield code="d">OCLCO</subfield></datafield><datafield ind1="1" ind2=" " tag="029"><subfield code="a">AU@</subfield><subfield code="b">000020124654</subfield></datafield><datafield ind1=" " ind2=" " tag="042"><subfield code="a">msc</subfield></datafield><datafield ind1=" " ind2="4" tag="050"><subfield code="a">BX9901</subfield></datafield><datafield ind1="0" ind2=" " tag="130"><subfield code="a">Trumpet and Universalist magazine (Boston, Mass. : 1828)</subfield></datafield><datafield ind1="0" ind2="0" tag="245"><subfield code="a">Trumpet and Universalist magazine.</subfield></datafield><datafield ind1="0" ind2="3" tag="246"><subfield code="a">Trumpet and magazine</subfield></datafield><datafield ind1=" " ind2=" " tag="260"><subfield code="a">Boston [Mass.] :</subfield><subfield code="b">[R. Streeter and T. Whittemore],</subfield></datafield><datafield ind1=" " ind2=" " tag="300"><subfield code="a">v.</subfield></datafield><datafield ind1=" " ind2=" " tag="310"><subfield code="a">Weekly</subfield></datafield><datafield ind1="0" ind2=" " tag="362"><subfield code="a">Vol. 1, no. 1, new ser. (July 5, 1828)-v. 14, no. 43 (Apr. 16, 1842).</subfield></datafield><datafield ind1=" " ind2=" " tag="515"><subfield code="a">Volume numbering irregular.</subfield></datafield><datafield ind1=" " ind2=" " tag="500"><subfield code="a">Universalist newspapers.</subfield></datafield><datafield ind1=" " ind2=" " tag="530"><subfield code="a">Also available on microfilm and online.</subfield></datafield><datafield ind1=" " ind2="0" tag="650"><subfield code="a">Universalism</subfield><subfield code="v">Newspapers.</subfield></datafield><datafield ind1=" " ind2="0" tag="651"><subfield code="a">Boston (Mass.)</subfield><subfield code="v">Newspapers.</subfield></datafield><datafield ind1=" " ind2="7" tag="650"><subfield code="a">Universalism.</subfield><subfield code="2">fast</subfield><subfield code="0">(OCoLC)fst01161574</subfield></datafield><datafield ind1=" " ind2="7" tag="651"><subfield code="a">Massachusetts</subfield><subfield code="z">Boston.</subfield><subfield code="2">fast</subfield><subfield code="0">(OCoLC)fst01205012</subfield></datafield><datafield ind1=" " ind2="7" tag="655"><subfield code="a">Newspapers.</subfield><subfield code="2">fast</subfield><subfield code="0">(OCoLC)fst01423814</subfield></datafield><datafield ind1=" " ind2=" " tag="752"><subfield code="a">United States</subfield><subfield code="b">Massachusetts</subfield><subfield code="c">Suffolk</subfield><subfield code="d">Boston.</subfield></datafield><datafield ind1="1" ind2=" " tag="776"><subfield code="t">Trumpet and Universalist magazine (Boston, Mass. : 1828 : Online)</subfield><subfield code="w">(DLC)  2006255218</subfield><subfield code="w">(OCoLC)69657070</subfield></datafield><datafield ind1="0" ind2="4" tag="780"><subfield code="t">Universalist magazine</subfield><subfield code="w">(DLC)  2008235499</subfield><subfield code="w">(OCoLC)7707739</subfield></datafield><datafield ind1="0" ind2="4" tag="780"><subfield code="t">Dialogical instructer</subfield><subfield code="w">(DLC)  2008235498</subfield><subfield code="w">(OCoLC)181948997</subfield></datafield><datafield ind1="0" ind2="5" tag="780"><subfield code="t">Spirit of the Pilgrims, and messenger of reconciliation</subfield><subfield code="w">(OCoLC)7707762</subfield><subfield code="g">Feb. 28, 1829</subfield></datafield><datafield ind1="0" ind2="5" tag="780"><subfield code="t">Star in the East and New-Hampshire Universalist</subfield><subfield code="w">(DLC)sn 91063079</subfield><subfield code="w">(OCoLC)7707807</subfield><subfield code="g">Aug. 12, 1837</subfield></datafield><datafield ind1="0" ind2="7" tag="785"><subfield code="t">Star of Bethlehem (Lowell, Mass. : 1841)</subfield><subfield code="w">(DLC)sn 91063080</subfield><subfield code="w">(OCoLC)7717440</subfield></datafield><datafield ind1="0" ind2="7" tag="785"><subfield code="t">Trumpet and Universalist magazine and star of Bethlehem</subfield><subfield code="w">(OCoLC)7711919</subfield></datafield><datafield ind1="4" ind2="1" tag="856"><subfield code="a">http://proquest.umi.com/pqdweb</subfield></datafield><datafield ind1=" " ind2=" " tag="936"><subfield code="a">Apr. 16, 1842</subfield></datafield></record>